@ARTICLE{Fettweis,
    author={A. {Fettweis}},
    journal={Proceedings of the IEEE},
    title={Wave digital filters: Theory and practice},
    year={1986},
    volume={74},
    number={2},
    pages={270-327},
    keywords={Digital filters;Circuits;Microwave filters;Filtering theory;Dynamic range;Books;Lattices;Stability;Stress;Signal design},
    doi={10.1109/PROC.1986.13458},
    ISSN={1558-2256},
    month={Feb}
}
